@ARTICLE{Jay_Rules,
AUTHOR      = {Williamson, David P. and Shmoys, David B. and Chen, Che},
TITLE       = {Some {D}erived {O}perating {R}ules for {R}eservoirs in {S}eries or in {P}arallel},
JOURNAL     = {Journal of Water Resources Planning and Management},
YEAR        = {1999},
Volume      = {125(3)},
Pages       = {143-153}
}