@ARTICLE{AGH,
AUTHOR      = {Michael J. Skvarla},
TITLE       = {Asian Giant Hornets},
note    = {\url{https://extension.psu.edu/asian-giant-hornets}},
YEAR        = {2021},
journal = {Pennstate Extension}
}

@article{LSTM,
  title={Long Short-Term Memory},
  author={S. Hochreiter and J. Schmidhuber},
  journal={Neural Computation},
  year={1997},
  volume={9},
  pages={1735-1780}
}

@article{RN2,
   author = {Young, Hugh D., Roger Freedman},
   title = {University Physics with Modern Physics},
   volume = {Global Edition, 14th Edition},
   year = {2015},
   type = {Journal Article}
}

@misc{DNN,
    author = {Piotr Skalski},
    title = {How to Use NumPy to Build a Neural Network},
    note = {\url{https://zhuanlan.zhihu.com/p/47475047}},
    year = {2018}
}

@misc{Source2,
    author = {Wikimedia Foundation},
    title = {Wikimedia Commons},
    note = {\url{https://commons.wikimedia.org/wiki}},
    year = {2020}
}

@misc{Source3,
    author = {Jayla Whitfield},
    title = {Another invasive speciesâ€¦},
    note = {\url{https://exposingthebiggame.wordpress.com/tag/invasive/}},
    year = {2020}
}

@misc{Source4,
    author = {Karla Salp, Hanna Royals},
    title = {Asian giant hornet Vespa mandarinia Smith},
    note = {\url{https://www.invasive.org/browse/subthumb.cfm?sub=85203}},
    year = {1852}
}